<?xml version="1.0" encoding="UTF-8"?><collection><record><leader>08141ntm a2200589 a 4500</leader><controlfield tag="001">005990732</controlfield><controlfield tag="003">MiAaHDL</controlfield><controlfield tag="005">20190719000000.0</controlfield><controlfield tag="006">m        d        </controlfield><controlfield tag="007">cr bn ---auaua</controlfield><controlfield tag="008">090409s1484    ua            00| ||ara d</controlfield><datafield tag="035" ind1=" " ind2=" "><subfield code="a">(MiU)005990732</subfield></datafield><datafield tag="035" ind1=" " ind2=" "><subfield code="a">sdr-miu005990732</subfield></datafield><datafield tag="040" ind1=" " ind2=" "><subfield code="a">MiU</subfield><subfield code="c">MiU</subfield><subfield code="e">amremm</subfield></datafield><datafield tag="043" ind1=" " ind2=" "><subfield code="a">n-us-mi</subfield></datafield><datafield tag="100" ind1="1" ind2=" "><subfield code="6">880-01</subfield><subfield code="a">Akmal al-Dīn al-Bābartī, Muḥammad ibn Maḥmūd,</subfield><subfield code="d">1310 or 1311-1384 or 1385.</subfield></datafield><datafield tag="240" ind1="1" ind2="0"><subfield code="6">880-02</subfield><subfield code="a">ʻInāyah ʻalá al-Hidāyah.</subfield><subfield code="n">Juzʼ 2</subfield></datafield><datafield tag="245" ind1="1" ind2="3"><subfield code="6">880-03</subfield><subfield code="a">al-Juzʼ al-thānī min al-ʻInāyah fī sharḥ al-Hidāyah,</subfield><subfield code="f">[889, i.e. 1484].</subfield></datafield><datafield tag="246" ind1="3" ind2=" "><subfield code="i">Edge title:</subfield><subfield code="a">جلد الثاني [العناية؟] لاكمل</subfield></datafield><datafield tag="246" ind1="3" ind2=" "><subfield code="i">Title from fore-edge flap label.</subfield><subfield code="a">جزء الثاني من العناية في شرح الهداية</subfield></datafield><datafield tag="260" ind1=" " ind2=" "><subfield code="a">[Cairo,</subfield><subfield code="c">1484]</subfield></datafield><datafield tag="300" ind1=" " ind2=" "><subfield code="a">374 leaves</subfield><subfield code="b">paper ;</subfield><subfield code="c">268 x 180 (191 x 129) mm. bound to 270 x 188 mm.</subfield></datafield><datafield tag="500" ind1=" " ind2=" "><subfield code="a">Shelfmark: Ann Arbor, University of Michigan, Special Collections Library, Isl. Ms. 60</subfield></datafield><datafield tag="500" ind1=" " ind2=" "><subfield code="a">Origin: As appears in colophon on p.747, copied by ʻAbd al-Raḥmān ibn Qāsim ibn Aḥmad ibn Ismāʻīl ibn Khalīl ibn Yūnis al-Malaṭī. Transcription finished ("wa-qad waqaʻa al-farāgh min kitābat al-juzʼ al-thānī min al-ʻInāyah fī sharḥ al-Hidāyah...") in the mausoleum (turbah, türbe) of Amīr Yashbak in Cairo, 1st of Ramaḍān 889 [ca. 22 September 1484]. As appears in reading / study note in red ink adjacent to colophon on p.747, overlining in red completed Monday, 14 Rajab 1056 [ca. 26 August 1646] "يقول الفقير عبد الرحمن الحمد لله الذي شرفني بمطالعة هذا الكتاب وميزت الهداية عن العناية بوضع المداد الاحمر واتممت عند انتصاف النهار يوم الاثنين الرابع عشر من شهر رجب المرجب من شهور سنة ست وخمسين والف ...".</subfield></datafield><datafield tag="500" ind1=" " ind2=" "><subfield code="a">Former shelfmark: British Museum, London "No. 57. Al-Inayah."</subfield></datafield><datafield tag="500" ind1=" " ind2=" "><subfield code="a">Binding: Pasteboards covered in dark green-brown leather ; Type II binding (with flap, though completely detached) ; doublures in red leather ; upper and lower covers carry large blind-stamped mandorla with vegetal composition (compare Déroche class. NA 4) along with tooled and gold-painted roll border ; sewn in blue thread, two stations ; endbands in faded pink and cream, soiled but intact ; in poor condition with much abrasion, staining, lifting and losses of leather at fore-edge flap, etc. ; flap is completely detached at fore-edge.</subfield></datafield><datafield tag="500" ind1=" " ind2=" "><subfield code="a">Support: non-European (Arab) laid paper with chain lines grouped in threes (vertical) with 9-12 mm. between the chains and 31-42 mm. between the groups ; well-burnished ; front flyleaves in European laid paper with anchor in circle (trefoil above) watermark ; added table of contents on leaves of European laid paper with grapes, crown, band watermark ; back flyleaves in European laid paper with crossbow in circle (trefoil above) watermark.</subfield></datafield><datafield tag="500" ind1=" " ind2=" "><subfield code="a">Decoration: Section headings and keywords rubricated ; text being commented upon overlined in red ; written area surrounded by red rule-border ; textual dividers in the form of red discs.</subfield></datafield><datafield tag="500" ind1=" " ind2=" "><subfield code="a">Script: Naskh with influence of nastaʻlīq ; clear Egyptian or Turkish hand (?) ; virtually serifless ; strong effect of tilt to the right ; mainly closed counters ; hand changes pp.297-312, even more reminiscent of nastaʻlīq, thinner line.</subfield></datafield><datafield tag="500" ind1=" " ind2=" "><subfield code="a">Layout: Written in 27 lines per page ; frame-ruled.</subfield></datafield><datafield tag="500" ind1=" " ind2=" "><subfield code="a">Collation: i, III (6), i, V-1 (15), 35 V(365), V-1 (374), ii ; chiefly quinions ; final two leaves ruled but left blank ; catchwords present ; foliation in black ink, Hindu-Arabic numerals (begins with ۱ on page facing incipit page/p.19, ends with ۳٦٤) ; pagination in pencil, Western numerals (supplied during digitization, includes flyleaves, drops at p.300 and reappears at p.381 without mistake).</subfield></datafield><datafield tag="500" ind1=" " ind2=" "><subfield code="a">Colophon: "Scribal," triangular, reads: "وقد وقع الفراغ من كتابة الجزء الثاني من العناية في شرح الهداية للشيخ الامام العالم العلامة الشيخ اكمل الدين تغمده الله برحمته واسكنه في فسيح جنته بعون الله وحسن توفيقه والصلوة على نبيه محمد وآله بالقاهرة المحروسة حماها الله عن الافات والعاهات في تربة الامير المرحوم يشبك الدوادار الكبير ... على يدا [كذا] احقر عباد الله واحوجهم وافقر مخلوقاته واضعفهم الراجي رحمة ربه الكريم وذي المن والفضل الجسيم عبد الرحمن بن المرحوم قاسم بن المرحوم احمد بن اسماعيل بن خليل بن يونس الملطي غفر الله له ولوالديه ولمن نظر فيه ودعا لهم ولجميع المسلمين اجمعين امين يا رب العالمين والحمد لله على اتمامه بمنه وكرمه وذلك غرة شهر رمضان المعظم سنة ۸۸۹"</subfield></datafield><datafield tag="500" ind1=" " ind2=" "><subfield code="a">Explicit: "ان الرجل اذا لم يكن معه الا ثوب نجس فان كان ثلاثة ارباعه نجسا وربعه طاهرا فيصلي فيه ولا يصلي عريانا بالاجماع فلما جازت صلوته وهو نجس بيقين فلان يجوز بالتحري حالة الاشتباه اولي والله اعلم بالصواب واليه المعاد والمآب"</subfield></datafield><datafield tag="500" ind1=" " ind2=" "><subfield code="a">Incipit: "اللهم اعني على اتمامه كتاب البيوع لما فرغ من ذكر انواع حقوق الله وذكر بعض حقوق العباد شرع في بيان ما بقي منها ..."</subfield></datafield><datafield tag="500" ind1=" " ind2=" "><subfield code="a">Title from colophon.</subfield></datafield><datafield tag="500" ind1=" " ind2=" "><subfield code="a">Ms. codex.</subfield></datafield><datafield tag="510" ind1="4" ind2=" "><subfield code="a">Brockelmann, C. GAL</subfield><subfield code="c">I, 378 ; II, 80</subfield></datafield><datafield tag="520" ind1="8" ind2=" "><subfield code="a">Second volume, comprising the text from Kitāb al-Buyūʻ to Kitāb al-Khunthá, from Akmal al-Dīn al-Bābartī's commentary on al-Hidāyah, a commentary by ʻAlī ibn Abī Bakr al-Marghīnānī (d. 593/1197) on his compendium of Ḥanafī law, Bidāyat al-mubtadiʼ fī furūʻ al-fiqh al-Ḥanafī. Includes added table of contents (inserted between front flyleaves).</subfield></datafield><datafield tag="538" ind1=" " ind2=" "><subfield code="a">Mode of access: Internet.</subfield></datafield><datafield tag="541" ind1=" " ind2=" "><subfield code="c">Purchase ;</subfield><subfield code="a">Acquired by purchase along with Abdul Hamid Collection (funds donated by Horace Rackham).</subfield><subfield code="d">1924.</subfield></datafield><datafield tag="546" ind1=" " ind2=" "><subfield code="a">Arabic.</subfield></datafield><datafield tag="561" ind1=" " ind2=" "><subfield code="a">Bookplate of British Museum, London on upper cover, "British Museum, London. No. 57. Al-Inayah." ; circular seal impression with figure of goat/gazelle in purple ink as well as inscription "39" in Western numerals on front flyleaf (p.1) ; dated ownership statement on front flyleaf (p.1) in name of al-Sayyid Isḥāq Afandī, muftī in Arzanjān (Erzincan) "وفقه [؟] السيد اسحاق افندى المفتى بارزنجان ... ۱۱۹٤" ; ownership statement accompanied by oval seal impression on p.15 reads "يكفيك قول الناس فيما ملكته لقد كان ... اسم الفلان حرره الفقير اليه جل شانه السيد عبد القادر القاضي يومئذ بمدينة ..." ; extensive glosses and marginal corrections ; collation marks "بلغ" appear regularly ; numerous notabilia.</subfield></datafield><datafield tag="600" ind1="1" ind2="0"><subfield code="a">Marghīnānī, ʻAlī ibn Abī Bakr,</subfield><subfield code="d">-1196 or 1197.</subfield><subfield code="t">Hidāyah.</subfield></datafield><datafield tag="650" ind1=" " ind2="0"><subfield code="a">Manuscripts, Arabic</subfield><subfield code="z">Michigan</subfield><subfield code="z">Ann Arbor.</subfield></datafield><datafield tag="650" ind1=" " ind2="0"><subfield code="a">Islamic law</subfield><subfield code="v">Early works to 1800.</subfield></datafield><datafield tag="650" ind1=" " ind2="0"><subfield code="a">Hanafites</subfield><subfield code="v">Early works to 1800.</subfield></datafield><datafield tag="700" ind1="0" ind2=" "><subfield code="6">880-05</subfield><subfield code="a">ʻAbd al-Raḥmān ibn Qāsim al-Malaṭī,</subfield><subfield code="d">fl.1484,</subfield><subfield code="e">scribe.</subfield></datafield><datafield tag="773" ind1="0" ind2=" "><subfield code="a">Tiflis Collection.</subfield></datafield><datafield tag="880" ind1="0" ind2=" "><subfield code="6">700-05/</subfield><subfield code="a">عبد الرحمن بن قاسم الملطي،</subfield><subfield code="e">ناسخ.</subfield></datafield><datafield tag="880" ind1="1" ind2="2"><subfield code="6">245-03/</subfield><subfield code="a">الجزء الثاني من العناية في شرح الهداية,</subfield><subfield code="f">[889ه، 1484م].</subfield></datafield><datafield tag="880" ind1="1" ind2="0"><subfield code="6">240-02/</subfield><subfield code="a">عناية على الهداية.</subfield><subfield code="n">جزء 2</subfield></datafield><datafield tag="880" ind1="1" ind2=" "><subfield code="6">100-01/</subfield><subfield code="a">اكمل الدين البابرتي، محمد بن محمود.</subfield></datafield><datafield tag="CID" ind1=" " ind2=" "><subfield code="a">005990732</subfield></datafield><datafield tag="DAT" ind1="0" ind2=" "><subfield code="a">20190719102634.0</subfield><subfield code="b">20190719000000.0</subfield></datafield><datafield tag="DAT" ind1="1" ind2=" "><subfield code="a">20190719090653.0</subfield><subfield code="b">2019-07-19T16:11:11Z</subfield></datafield><datafield tag="DAT" ind1="2" ind2=" "><subfield code="a">2015-10-10T18:00:06Z</subfield></datafield><datafield tag="CAT" ind1=" " ind2=" "><subfield code="a">SDR-MIU</subfield><subfield code="d">EX LIBRIS - ALEPH</subfield><subfield code="l">prepare.pl-004-008</subfield></datafield><datafield tag="FMT" ind1=" " ind2=" "><subfield code="a">BK</subfield></datafield><datafield tag="HOL" ind1=" " ind2=" "><subfield code="0">sdr-miu005990732</subfield><subfield code="a">MiU</subfield><subfield code="b">SDR</subfield><subfield code="c">MIU</subfield><subfield code="p">mdp.39015081854880</subfield><subfield code="s">MIU</subfield><subfield code="1">005990732</subfield></datafield><datafield tag="974" ind1=" " ind2=" "><subfield code="b">MIU</subfield><subfield code="c">MIU</subfield><subfield code="d">20190719</subfield><subfield code="s">lit-dlps-dc</subfield><subfield code="u">mdp.39015081854880</subfield><subfield code="y">1484</subfield><subfield code="r">pd</subfield><subfield code="q">bib</subfield><subfield code="t">non-US bib date1 &lt; 1896</subfield></datafield></record></collection>